@article{entry_1,
 author = {Autor Desconhecido},
 doi = {},
 journal = {Desconhecido},
 number = {},
 pages = {},
 title = {Jake Paul venceu a luta, mas levou alguns socos de Mike Tyson. No entanto, o ex-youtuber garante: nenhum deles doeu.},
 url = {https://www.uol.com.br/esporte/ultimas-noticias/2024/11/16/ele-me-acertou-mas-nao-doeu-diz-jake-paul-sobre-soco-que-levou-de-tyson.htm},
 volume = {},
 year = {0}
}

@article{entry_2,
 author = {Autor Desconhecido},
 doi = {},
 journal = {Desconhecido},
 number = {},
 pages = {},
 title = {Título Desconhecido},
 url = {https://g1.globo.com/pop-arte/noticia/2024/11/16/drake-perde-r-2-milhoes-apos-apostar-em-mike-tyson-na-luta-contra-jake-paul.ghtml},
 volume = {},
 year = {0}
}

@article{entry_3,
 author = {Autor Desconhecido},
 doi = {},
 journal = {Desconhecido},
 number = {},
 pages = {},
 title = {Paul vence lenda do boxe em combate marcado por frustração do público e números históricos de audiência},
 url = {https://www.brasil247.com/esporte/youtuber-jake-paul-derrota-mike-tyson-em-duelo-intergeracional-em-texas},
 volume = {},
 year = {0}
}

@article{entry_4,
 author = {Autor Desconhecido},
 doi = {},
 journal = {Desconhecido},
 number = {},
 pages = {},
 title = {A derrota de Mike Tyson para Jake Paul na madrugada deste sábado (16), nos Estados Unidos, doeu no bolso de uma lenda do UFC.},
 url = {https://www.lance.com.br/fora-de-campo/algoz-de-brasileiro-no-ufc-perde-quase-r-6-milhoes-com-derrota-de-mike-tyson.html},
 volume = {},
 year = {0}
}

@article{entry_5,
 author = {Autor Desconhecido},
 doi = {},
 journal = {Desconhecido},
 number = {},
 pages = {},
 title = {Famoso pelas lutas de boxe, Mike Tyson chegou a decretar falência após tantos gastos},
 url = {https://ndmais.com.br/famosos/mike-tyson-gastou-fortuna-de-r-17-bilhao-com-tigres-e-outras-extravagancias/},
 volume = {},
 year = {0}
}

@article{entry_6,
 author = {Autor Desconhecido},
 doi = {},
 journal = {Desconhecido},
 number = {},
 pages = {},
 title = {Lutador fundou negócio em 2021 e também vende acessórios para o uso},
 url = {https://www.cnnbrasil.com.br/esportes/lutas/saiba-quanto-mike-tyson-fatura-com-empresa-de-maconha/},
 volume = {},
 year = {0}
}
